@inproceedings{Falaki:2010:DSU:1814433.1814453,
    author = {Falaki, Hossein and Mahajan, Ratul and Kandula, Srikanth and
        Lymberopoulos, Dimitrios and Govindan, Ramesh and Estrin, Deborah},
    title = {Diversity in smartphone usage},
    booktitle = {Proceedings of the 8th international conference on Mobile
        systems, applications, and services},
    series = {MobiSys '10},
    year = {2010},
    isbn = {978-1-60558-985-5},
    location = {San Francisco, California, USA},
    pages = {179--194},
    numpages = {16},
    url = {http://doi.acm.org/10.1145/1814433.1814453},
    doi = {http://doi.acm.org/10.1145/1814433.1814453},
    acmid = {1814453},
    publisher = {ACM},
    address = {New York, NY, USA},
    keywords = {smartphone usage, user behavior},
}

@inproceedings{Burigat:2005:VRI:1097064.1097103,
    author = {Burigat, Stefano and Chittaro, Luca},
    title = {Visualizing the results of interactive queries for geographic
        data on mobile devices},
    booktitle = {Proceedings of the 13th annual ACM international workshop on
        Geographic information systems},
    series = {GIS '05},
    year = {2005},
    isbn = {1-59593-146-5},
    location = {Bremen, Germany},
    pages = {277--284},
    numpages = {8},
    url = {http://doi.acm.org/10.1145/1097064.1097103},
    doi = {http://doi.acm.org/10.1145/1097064.1097103},
    acmid = {1097103},
    publisher = {ACM},
    address = {New York, NY, USA},
    keywords = {GIS, dynamic queries, mobile devices,
        visualization},
}

@inproceedings{Frohlich:2006:CCD:1152215.1152238,
    author = {Fr\"{o}hlich, Peter and Simon, Rainer and Baillie, Lynne and
        Anegg, Hermann},
    title = {Comparing conceptual designs for mobile access to geo-spatial
        information},
    booktitle = {Proceedings of the 8th conference on Human-computer
        interaction with mobile devices and services},
    series = {MobileHCI '06},
    year = {2006},
    isbn = {1-59593-390-5},
    location = {Helsinki, Finland},
    pages = {109--112},
    numpages = {4},
    url = {http://doi.acm.org/10.1145/1152215.1152238},
    doi = {http://doi.acm.org/10.1145/1152215.1152238},
    acmid = {1152238},
    publisher = {ACM},
    address = {New York, NY, USA},
    keywords = {augmented reality, context aware computing,
        location based services, mobile computing, orientation,
        user interaction},
}

@book{stone2005user,
    title={User interface design and evaluation},
    author={Stone, D.L. and Stone, D.},
    isbn={9780120884360},
    lccn={2004061900},
    series={Morgan Kaufmann series in interactive technologies},
    url={http://books.google.ca/books?id=VvSoyqPBPbMC},
    year={2005},
    publisher={Elsevier}
} 
